<record><leader>00000cas a22000007a 4500</leader><controlfield tag="001">15068948</controlfield><controlfield tag="008">870114d18891973inuwr ne      0    0eng d</controlfield><datafield ind1=" " ind2=" " tag="010"><subfield code="a">sn 87055017 </subfield></datafield><datafield ind1=" " ind2=" " tag="040"><subfield code="a">NPI</subfield><subfield code="b">eng</subfield><subfield code="c">NPI</subfield><subfield code="d">OCLCQ</subfield></datafield><datafield ind1=" " ind2=" " tag="042"><subfield code="a">msc</subfield></datafield><datafield ind1="0" ind2=" " tag="130"><subfield code="a">North Judson news (North Judson, Ind. : 1889)</subfield></datafield><datafield ind1="1" ind2="4" tag="245"><subfield code="a">The North Judson news.</subfield></datafield><datafield ind1=" " ind2=" " tag="260"><subfield code="a">North Judson, Ind. :</subfield><subfield code="b">J. Don Gorrell,</subfield><subfield code="c">-1973.</subfield></datafield><datafield ind1=" " ind2=" " tag="310"><subfield code="a">Weekly</subfield></datafield><datafield ind1="1" ind2=" " tag="362"><subfield code="a">Began in 1889.</subfield></datafield><datafield ind1="0" ind2=" " tag="362"><subfield code="a">-v. 78, no. 27 (July 4, 1973).</subfield></datafield><datafield ind1=" " ind2=" " tag="588"><subfield code="a">Description based on: Vol. 8, no. 1 (Jan. 7, 1897).</subfield></datafield><datafield ind1=" " ind2=" " tag="752"><subfield code="a">United States</subfield><subfield code="b">Indiana</subfield><subfield code="c">Starke</subfield><subfield code="d">North Judson.</subfield></datafield><datafield ind1="0" ind2="0" tag="785"><subfield code="t">Kankakee Valley times</subfield><subfield code="w">(DLC)sn 87055059</subfield></datafield></record>